% -*- coding: utf-8; -*-


@Book{4,
  key          = {4},
  author       = {\uppercase{Cornell, R. M.; Schwertmann, U}},
  year         = {2003},
  title        = {The Iron Oxides: Structure, Properties, Reactions, Occurrences and Uses},
  publisher    = {VCH},
  edition      = {2nd},
  address      = {New York}
}
@Article{41,
  key          = {41},
  author       = {\uppercase{Sun, Y.; Duthaler, S.; Nelson, B. J}},
  year         = {2004},
  title        = {Autofocusing in Computer Microscopy: Selecting the
                  Optimal Focus Algorithm},
  journal      = {Microscopy Research and Technique},
  volume       = {65},
  pages        = {139--149}
}

%---------------------------
%---------------------------
%---------------------------
%---------------------------


